<?xml version="1.0" encoding="UTF-8"?><collection xmlns="http://www.loc.gov/MARC21/slim"><record><leader>00388nam--2200157-i-4500</leader><controlfield tag="001">000024876</controlfield><controlfield tag="002">20161230</controlfield><controlfield tag="005">20170210011209</controlfield><controlfield tag="008">060222s1000------------r-----000-0-eng-d</controlfield><datafield ind1=" " ind2=" " tag="100"><subfield code="a">Couffignal, Louis</subfield></datafield><datafield ind1=" " ind2=" " tag="245"><subfield code="a">Les notions de base</subfield></datafield><datafield ind1=" " ind2=" " tag="260"><subfield code="a">Paris</subfield><subfield code="b">Gauthier-Villars</subfield><subfield code="c">1958</subfield></datafield><datafield ind1=" " ind2=" " tag="300"><subfield code="a">60 p</subfield></datafield><datafield ind1=" " ind2=" " tag="490"><subfield code="a">Information Et Cybernetique</subfield></datafield><datafield ind1=" " ind2=" " tag="852"><subfield code="a">007</subfield></datafield><datafield ind1=" " ind2=" " tag="CAT"><subfield code="a">SYS</subfield><subfield code="c">20170210</subfield><subfield code="h">011209</subfield></datafield></record></collection>